<record><leader>00000cas a2200000 a 4500</leader><controlfield tag="001">12257264</controlfield><controlfield tag="008">850712d1893189uksucr ne      0    0eng d</controlfield><datafield ind1=" " ind2=" " tag="010"><subfield code="a">sn 85031421 </subfield></datafield><datafield ind1=" " ind2=" " tag="040"><subfield code="a">KSH</subfield><subfield code="b">eng</subfield><subfield code="c">KSH</subfield><subfield code="d">NPT</subfield><subfield code="d">OCL</subfield><subfield code="d">OCLCQ</subfield></datafield><datafield ind1=" " ind2=" " tag="042"><subfield code="a">msc</subfield></datafield><datafield ind1="0" ind2="4" tag="245"><subfield code="a">The Twice-a-week independent.</subfield></datafield><datafield ind1="1" ind2="7" tag="246"><subfield code="a">Twice-a-week Gate City independent</subfield></datafield><datafield ind1=" " ind2=" " tag="260"><subfield code="a">Coffeyville, Kan. :</subfield><subfield code="b">C.W. Kent</subfield></datafield><datafield ind1=" " ind2=" " tag="300"><subfield code="a">volumes ;</subfield><subfield code="c">59 cm</subfield></datafield><datafield ind1=" " ind2=" " tag="310"><subfield code="a">Semiweekly</subfield></datafield><datafield ind1=" " ind2=" " tag="336"><subfield code="a">text</subfield><subfield code="b">txt</subfield><subfield code="2">rdacontent</subfield></datafield><datafield ind1=" " ind2=" " tag="337"><subfield code="a">unmediated</subfield><subfield code="b">n</subfield><subfield code="2">rdamedia</subfield></datafield><datafield ind1=" " ind2=" " tag="338"><subfield code="a">volume</subfield><subfield code="b">nc</subfield><subfield code="2">rdacarrier</subfield></datafield><datafield ind1="1" ind2=" " tag="362"><subfield code="a">Began in 1893.</subfield><subfield code="z">Cf. Rowell, 1895.</subfield></datafield><datafield ind1=" " ind2=" " tag="525"><subfield code="a">Includes supplement called: "Illustrated edition, Gate City Independent," Apr. 26, 1898.</subfield></datafield><datafield ind1=" " ind2=" " tag="550"><subfield code="a">"Official organ of the G.A.R."</subfield></datafield><datafield ind1=" " ind2=" " tag="588"><subfield code="a">Description based on: Vol. 2, no. 46 (Mar. 8, 1895).</subfield></datafield><datafield ind1=" " ind2=" " tag="752"><subfield code="a">United States</subfield><subfield code="b">Kansas</subfield><subfield code="c">Montgomery</subfield><subfield code="d">Coffeyville.</subfield></datafield><datafield ind1="0" ind2="0" tag="785"><subfield code="t">Gate City twice-a-week independent</subfield><subfield code="w">(DLC)sn 85031689</subfield></datafield></record>